@article{sanjuan2010viral,
  title={Viral mutation rates},
  author={Sanju{\'a}n, Rafael and Nebot, Miguel R and Chirico, Nicola and Mansky, Louis M and Belshaw, Robert},
  journal={Journal of virology},
  volume={84},
  number={19},
  pages={9733--9748},
  year={2010},
  publisher={Am Soc Microbiol}
}

@article{seo2002estimation,
  title={Estimation of effective population size of HIV-1 within a host: a pseudomaximum-likelihood approach},
  author={Seo, Tae-Kun and Thorne, Jeffrey L and Hasegawa, Masami and Kishino, Hirohisa},
  journal={Genetics},
  volume={160},
  number={4},
  pages={1283--1293},
  year={2002},
  publisher={Oxford University Press}
}

@article{lewontin1960evolutionary,
  title={The evolutionary dynamics of complex polymorphisms},
  author={Lewontin, RC and Kojima, Ken-ichi},
  journal={Evolution},
  pages={458--472},
  year={1960},
  publisher={JSTOR}
}

@article{slatkin2008linkage,
  title={Linkage disequilibriumâ€”understanding the evolutionary past and mapping the medical future},
  author={Slatkin, Montgomery},
  journal={Nature Reviews Genetics},
  volume={9},
  number={6},
  pages={477--485},
  year={2008},
  publisher={Nature Publishing Group UK London}
}

@article{kimura1979model,
  title={Model of effectively neutral mutations in which selective constraint is incorporated},
  author={Kimura, Motoo},
  journal={Proceedings of the National Academy of Sciences},
  volume={76},
  number={7},
  pages={3440--3444},
  year={1979},
  publisher={National Acad Sciences}
}

@article{eyre2007distribution,
  title={The distribution of fitness effects of new mutations},
  author={Eyre-Walker, Adam and Keightley, Peter D},
  journal={Nature Reviews Genetics},
  volume={8},
  number={8},
  pages={610--618},
  year={2007},
  publisher={Nature Publishing Group UK London}
}

@article{storey2004strong,
  title={Strong control, conservative point estimation and simultaneous conservative consistency of false discovery rates: a unified approach},
  author={Storey, John D and Taylor, Jonathan E and Siegmund, David},
  journal={Journal of the Royal Statistical Society Series B: Statistical Methodology},
  volume={66},
  number={1},
  pages={187--205},
  year={2004},
  publisher={Oxford University Press}
}

@article{storey2003statistical,
  title={Statistical significance for genomewide studies},
  author={Storey, John D and Tibshirani, Robert},
  journal={Proceedings of the National Academy of Sciences},
  volume={100},
  number={16},
  pages={9440--9445},
  year={2003},
  publisher={National Acad Sciences}
}

@article{storey2002direct,
  title={A direct approach to false discovery rates},
  author={Storey, John D},
  journal={Journal of the Royal Statistical Society Series B: Statistical Methodology},
  volume={64},
  number={3},
  pages={479--498},
  year={2002},
  publisher={Oxford University Press}
}

@article{storey2003positive,
  title={The positive false discovery rate: a Bayesian interpretation and the q-value},
  author={Storey, John D},
  journal={The annals of statistics},
  volume={31},
  number={6},
  pages={2013--2035},
  year={2003},
  publisher={Institute of Mathematical Statistics}
}

@article{nelder1965simplex,
  title={A simplex method for function minimization},
  author={Nelder, John A and Mead, Roger},
  journal={The computer journal},
  volume={7},
  number={4},
  pages={308--313},
  year={1965},
  publisher={The British Computer Society}
}

@article{johnson2003parallel,
  title={Parallel processing in computational stochastic dynamics},
  author={Johnson, EA and Proppe, C and Spencer Jr, BF and Bergman, LA and Sz{\'e}kely, GS and Schu{\"e}ller, GI},
  journal={Probabilistic Engineering Mechanics},
  volume={18},
  number={1},
  pages={37--60},
  year={2003},
  publisher={Elsevier}
}

@article{kryazhimskiy2008population,
  title={The population genetics of dN/dS},
  author={Kryazhimskiy, Sergey and Plotkin, Joshua B},
  journal={PLoS genetics},
  volume={4},
  number={12},
  pages={e1000304},
  year={2008},
  publisher={Public Library of Science San Francisco, USA}
}

@article{benjamini1995controlling,
  title={Controlling the false discovery rate: a practical and powerful approach to multiple testing},
  author={Benjamini, Yoav and Hochberg, Yosef},
  journal={Journal of the Royal statistical society: series B (Methodological)},
  volume={57},
  number={1},
  pages={289--300},
  year={1995},
  publisher={Wiley Online Library}
}

@book{abramowitz1968handbook,
  title={Handbook of mathematical functions with formulas, graphs, and mathematical tables},
  author={Abramowitz, Milton and Stegun, Irene A},
  volume={55},
  year={1968},
  publisher={US Government printing office}
}

@article{fawcett2004roc,
  title={ROC graphs: Notes and practical considerations for researchers},
  author={Fawcett, Tom},
  journal={Machine learning},
  volume={31},
  number={1},
  pages={1--38},
  year={2004},
  publisher={Citeseer}
}

@article{lagarias1998convergence,
  title={Convergence properties of the Nelder--Mead simplex method in low dimensions},
  author={Lagarias, Jeffrey C and Reeds, James A and Wright, Margaret H and Wright, Paul E},
  journal={SIAM Journal on optimization},
  volume={9},
  number={1},
  pages={112--147},
  year={1998},
  publisher={SIAM}
}

@article{wu2020new,
  title={A new coronavirus associated with human respiratory disease in China},
  author={Wu, Fan and Zhao, Su and Yu, Bin and Chen, Yan-Mei and Wang, Wen and Song, Zhi-Gang and Hu, Yi and Tao, Zhao-Wu and Tian, Jun-Hua and Pei, Yuan-Yuan and others},
  journal={Nature},
  volume={579},
  number={7798},
  pages={265--269},
  year={2020},
  publisher={Nature Publishing Group}
}

@article{kim2017inference,
  title={Inference of the distribution of selection coefficients for new nonsynonymous mutations using large samples},
  author={Kim, Bernard Y and Huber, Christian D and Lohmueller, Kirk E},
  journal={Genetics},
  volume={206},
  number={1},
  pages={345--361},
  year={2017},
  publisher={Oxford University Press}
}

@article{zweig1993receiver,
  title={Receiver-operating characteristic (ROC) plots: a fundamental evaluation tool in clinical medicine},
  author={Zweig, Mark H and Campbell, Gregory},
  journal={Clinical chemistry},
  volume={39},
  number={4},
  pages={561--577},
  year={1993},
  publisher={Oxford University Press}
}

@article{bozdogan1987model,
  title={Model selection and Akaike's information criterion (AIC): The general theory and its analytical extensions},
  author={Bozdogan, Hamparsum},
  journal={Psychometrika},
  volume={52},
  number={3},
  pages={345--370},
  year={1987},
  publisher={Springer}
}

@article{goeman2014multiple,
  title={Multiple hypothesis testing in genomics},
  author={Goeman, Jelle J and Solari, Aldo},
  journal={Statistics in medicine},
  volume={33},
  number={11},
  pages={1946--1978},
  year={2014},
  publisher={Wiley Online Library}
}

@article{domingo1996basic,
  title={Basic concepts in RNA virus evolution},
  author={Domingo, Esteban and Escarm{\'\i}s, Cristina and Sevilla, Noemi and Moya, Andres and Elena, Santiago F and Quer, Josep and Novella, Isabel S and Holland, John J},
  journal={The FASEB Journal},
  volume={10},
  number={8},
  pages={859--864},
  year={1996},
  publisher={Wiley Online Library}
}

@article{domingo1996basic,
  title={Basic concepts in RNA virus evolution},
  author={Domingo, Esteban and Escarm{\'\i}s, Cristina and Sevilla, Noemi and Moya, Andres and Elena, Santiago F and Quer, Josep and Novella, Isabel S and Holland, John J},
  journal={The FASEB Journal},
  volume={10},
  number={8},
  pages={859--864},
  year={1996},
  publisher={Wiley Online Library}
}

@article{jewett2016effects,
  title={The effects of population size histories on estimates of selection coefficients from time-series genetic data},
  author={Jewett, Ethan M and Steinr{\"u}cken, Matthias and Song, Yun S},
  journal={Molecular biology and evolution},
  volume={33},
  number={11},
  pages={3002--3027},
  year={2016},
  publisher={Oxford University Press}
}

@article{bollback2007clonal,
  title={Clonal interference is alleviated by high mutation rates in large populations},
  author={Bollback, Jonathan P and Huelsenbeck, John P},
  journal={Molecular biology and evolution},
  volume={24},
  number={6},
  pages={1397--1406},
  year={2007},
  publisher={Oxford University Press}
}

@article{woods2006tests,
  title={Tests of parallel molecular evolution in a long-term experiment with Escherichia coli},
  author={Woods, Robert and Schneider, Dominique and Winkworth, Cynthia L and Riley, Margaret A and Lenski, Richard E},
  journal={Proceedings of the National Academy of Sciences},
  volume={103},
  number={24},
  pages={9107--9112},
  year={2006},
  publisher={National Acad Sciences}
}

@article{buri1956gene,
  title={Gene frequency in small populations of mutant Drosophila},
  author={Buri, Peter},
  journal={Evolution},
  pages={367--402},
  year={1956},
  publisher={JSTOR}
}

@article{shankarappa1999consistent,
  title={Consistent viral evolutionary changes associated with the progression of human immunodeficiency virus type 1 infection},
  author={Shankarappa, RAJ and Margolick, Joseph B and Gange, Stephen J and Rodrigo, Allen G and Upchurch, David and Farzadegan, Homayoon and Gupta, Phalguni and Rinaldo, Charles R and Learn, Gerald H and He, XI and others},
  journal={Journal of virology},
  volume={73},
  number={12},
  pages={10489--10502},
  year={1999},
  publisher={Am Soc Microbiol}
}

@article{hummel2005detection,
  title={Detection of the CCR5-$\Delta$32 HIV resistance gene in Bronze Age skeletons},
  author={Hummel, Susanne and Schmidt, Diane and Kremeyer, Barbara and Herrmann, Bernd and Oppermann, Martin},
  journal={Genes \& Immunity},
  volume={6},
  number={4},
  pages={371--374},
  year={2005},
  publisher={Nature Publishing Group}
}

@article{bollback2008estimation,
  title={Estimation of 2 N es from temporal allele frequency data},
  author={Bollback, Jonathan P and York, Thomas L and Nielsen, Rasmus},
  journal={Genetics},
  volume={179},
  number={1},
  pages={497--502},
  year={2008},
  publisher={Oxford University Press}
}


@article{desai2007beneficial,
  title={Beneficial mutation--selection balance and the effect of linkage on positive selection},
  author={Desai, Michael M and Fisher, Daniel S},
  journal={Genetics},
  volume={176},
  number={3},
  pages={1759--1798},
  year={2007},
  publisher={Oxford University Press}
}

@article{10.1093/genetics/47.6.713,
    author = {Kimura, Motoo},
    title = "{ON THE PROBABILITY OF FIXATION OF MUTANT GENES IN A POPULATION}",
    journal = {Genetics},
    volume = {47},
    number = {6},
    pages = {713-719},
    year = {1962},
    month = {06},
    issn = {1943-2631},
    doi = {10.1093/genetics/47.6.713},
}

@article{nene2018evaluating,
  title={Evaluating genetic drift in time-series evolutionary analysis},
  author={Nen{\'e}, Nuno R and Mustonen, Ville and Illingworth, Christopher JR},
  journal={Journal of Theoretical Biology},
  volume={437},
  pages={51--57},
  year={2018},
  publisher={Elsevier}
}

@book{ewens2004mathematical,
  title={Mathematical population genetics: theoretical introduction},
  author={Ewens, Warren John},
  volume={27},
  year={2004},
  publisher={Springer}
}

@misc{crow1970introduction,
  title={An Introduction to Population Genetics Theory. New York: Harper \& Row},
  author={Crow, JF and Kimura, M},
  year={1970}
}

@article{wright1931evolution,
  title={Evolution in Mendelian populations},
  author={Wright, Sewall},
  journal={Genetics},
  volume={16},
  number={2},
  pages={97},
  year={1931},
  publisher={Oxford University Press}
}

@book{fisher1999genetical,
  title={The genetical theory of natural selection: a complete variorum edition},
  author={Fisher, Ronald Aylmer},
  year={1999},
  publisher={Oxford University Press}
}

@book{kimura1983neutral,
  title={The neutral theory of molecular evolution},
  author={Kimura, Motoo},
  year={1983},
  publisher={Cambridge University Press}
}

@article{grubaugh2019amplicon,
  title={An amplicon-based sequencing framework for accurately measuring intrahost virus diversity using PrimalSeq and iVar},
  author={Grubaugh, Nathan D and Gangavarapu, Karthik and Quick, Joshua and Matteson, Nathaniel L and De Jesus, Jaqueline Goes and Main, Bradley J and Tan, Amanda L and Paul, Lauren M and Brackney, Doug E and Grewal, Saran and others},
  journal={Genome biology},
  volume={20},
  number={1},
  pages={1--19},
  year={2019},
  publisher={BioMed Central}
}

@article{danecek2011variant,
  title={The variant call format and VCFtools},
  author={Danecek, Petr and Auton, Adam and Abecasis, Goncalo and Albers, Cornelis A and Banks, Eric and DePristo, Mark A and Handsaker, Robert E and Lunter, Gerton and Marth, Gabor T and Sherry, Stephen T and others},
  journal={Bioinformatics},
  volume={27},
  number={15},
  pages={2156--2158},
  year={2011},
  publisher={Oxford University Press}
}

@article{khatri2016quantifying,
  title={Quantifying evolutionary dynamics from variant-frequency time series},
  author={Khatri, Bhavin S},
  journal={Scientific reports},
  volume={6},
  number={1},
  pages={32497},
  year={2016},
  publisher={Nature Publishing Group UK London}
}

@article{malaspinas2012estimating,
  title={Estimating allele age and selection coefficient from time-serial data},
  author={Malaspinas, Anna-Sapfo and Malaspinas, Orestis and Evans, Steven N and Slatkin, Montgomery},
  journal={Genetics},
  volume={192},
  number={2},
  pages={599--607},
  year={2012},
  publisher={Oxford University Press}
}

@article{tataru2015inference,
  title={Inference under a Wright-Fisher model using an accurate beta approximation},
  author={Tataru, Paula and Bataillon, Thomas and Hobolth, Asger},
  journal={Genetics},
  volume={201},
  number={3},
  pages={1133--1141},
  year={2015},
  publisher={Oxford University Press}
}

@article{chaguza2023accelerated,
  title={Accelerated SARS-CoV-2 intrahost evolution leading to distinct genotypes during chronic infection},
  author={Chaguza, Chrispin and Hahn, Anne M and Petrone, Mary E and Zhou, Shuntai and Ferguson, David and Breban, Mallery I and Pham, Kien and Pe{\~n}a-Hern{\'a}ndez, Mario A and Castaldi, Christopher and Hill, Verity and others},
  journal={Cell Reports Medicine},
  volume={4},
  number={2},
  year={2023},
  publisher={Elsevier}
}

@article{braun2021transmission,
  title={Transmission of SARS-CoV-2 in domestic cats imposes a narrow bottleneck},
  author={Braun, Katarina M and Moreno, Gage K and Halfmann, Peter J and Hodcroft, Emma B and Baker, David A and Boehm, Emma C and Weiler, Andrea M and Haj, Amelia K and Hatta, Masato and Chiba, Shiho and others},
  journal={PLoS pathogens},
  volume={17},
  number={2},
  pages={e1009373},
  year={2021},
  publisher={Public Library of Science San Francisco, CA USA}
}

@article{lythgoe2021sars,
  title={SARS-CoV-2 within-host diversity and transmission},
  author={Lythgoe, Katrina A and Hall, Matthew and Ferretti, Luca and de Cesare, Mariateresa and MacIntyre-Cockett, George and Trebes, Amy and Andersson, Monique and Otecko, Newton and Wise, Emma L and Moore, Nathan and others},
  journal={Science},
  volume={372},
  number={6539},
  pages={eabg0821},
  year={2021},
  publisher={American Association for the Advancement of Science}
}

@article{tonkin2020patterns,
  title={Patterns of within-host genetic diversity in SARS-CoV-2 (preprint)},
  author={Tonkin-Hill, Gerry and Martincorena, Inigo and Amato, Roberto and Lawson, Andrew RJ and Gerstung, Moritz and Johnston, Ian and Jackson, David K and Park, Naomi R and Lensing, Stefanie V and Quail, Michael A and others},
  year={2020}
}

@article{graudenzi2021mutational,
  title={Mutational signatures and heterogeneous host response revealed via large-scale characterization of SARS-CoV-2 genomic diversity},
  author={Graudenzi, Alex and Maspero, Davide and Angaroni, Fabrizio and Piazza, Rocco and Ramazzotti, Daniele},
  journal={Iscience},
  volume={24},
  number={2},
  year={2021},
  publisher={Elsevier}
}



@article{rausch2020low,
  title={Low genetic diversity may be an Achilles heel of SARS-CoV-2},
  author={Rausch, Jason W and Capoferri, Adam A and Katusiime, Mary Grace and Patro, Sean C and Kearney, Mary F},
  journal={Proceedings of the National Academy of Sciences},
  volume={117},
  number={40},
  pages={24614--24616},
  year={2020},
  publisher={National Acad Sciences}
}



@article{valesano2021temporal,
  title={Temporal dynamics of SARS-CoV-2 mutation accumulation within and across infected hosts},
  author={Valesano, Andrew L and Rumfelt, Kalee E and Dimcheff, Derek E and Blair, Christopher N and Fitzsimmons, William J and Petrie, Joshua G and Martin, Emily T and Lauring, Adam S},
  journal={PLoS Pathogens},
  volume={17},
  number={4},
  year={2021},
  publisher={Public Library of Science}
}


@article{clark2021sars,
  title={SARS-CoV-2 evolution in an immunocompromised host reveals shared neutralization escape mechanisms},
  author={Clark, Sarah A and Clark, Lars E and Pan, Junhua and Coscia, Adrian and McKay, Lindsay GA and Shankar, Sundaresh and Johnson, Rebecca I and Brusic, Vesna and Choudhary, Manish C and Regan, James and others},
  journal={Cell},
  volume={184},
  number={10},
  pages={2605--2617},
  year={2021},
  publisher={Elsevier}
}

@article{msomi2021africa,
  title={Africa: tackle HIV and COVID-19 together},
  author={Msomi, Nokukhanya and Lessells, Richard and Mlisana, Koleka and de Oliveira, Tulio},
  journal={Nature},
  volume={600},
  number={7887},
  pages={33--36},
  year={2021},
  publisher={Nature Publishing Group UK London}
}

@article{choi2020persistence,
  title={Persistence and evolution of SARS-CoV-2 in an immunocompromised host},
  author={Choi, Bina and Choudhary, Manish C and Regan, James and Sparks, Jeffrey A and Padera, Robert F and Qiu, Xueting and Solomon, Isaac H and Kuo, Hsiao-Hsuan and Boucau, Julie and Bowman, Kathryn and others},
  journal={New England Journal of Medicine},
  volume={383},
  number={23},
  pages={2291--2293},
  year={2020},
  publisher={Mass Medical Soc}
}

@article{markov2023evolution,
  title={The evolution of SARS-CoV-2},
  author={Markov, Peter V and Ghafari, Mahan and Beer, Martin and Lythgoe, Katrina and Simmonds, Peter and Stilianakis, Nikolaos I and Katzourakis, Aris},
  journal={Nature Reviews Microbiology},
  volume={21},
  number={6},
  pages={361--379},
  year={2023},
  publisher={Nature Publishing Group UK London}
}

@article{otto2021origins,
  title={The origins and potential future of SARS-CoV-2 variants of concern in the evolving COVID-19 pandemic},
  author={Otto, Sarah P and Day, Troy and Arino, Julien and Colijn, Caroline and Dushoff, Jonathan and Li, Michael and Mechai, Samir and Van Domselaar, Gary and Wu, Jianhong and Earn, David JD and others},
  journal={Current Biology},
  volume={31},
  number={14},
  pages={R918--R929},
  year={2021},
  publisher={Elsevier}
}

@article{day2020evolutionary,
  title={On the evolutionary epidemiology of SARS-CoV-2},
  author={Day, Troy and Gandon, Sylvain and Lion, Sebastien and Otto, Sarah P},
  journal={Current Biology},
  volume={30},
  number={15},
  pages={R849--R857},
  year={2020},
  publisher={Elsevier}
}

@misc{casadevall2021can,
  title={Can science help resolve the controversy on the origins of the SARS-CoV-2 pandemic?},
  author={Casadevall, Arturo and Weiss, Susan R and Imperiale, Michael J},
  journal={Mbio},
  volume={12},
  number={4},
  pages={10--1128},
  year={2021},
  publisher={Am Soc Microbiol}
}

@article{lai2020severe,
  title={Severe acute respiratory syndrome coronavirus 2 (SARS-CoV-2) and coronavirus disease-2019 (COVID-19): The epidemic and the challenges},
  author={Lai, Chih-Cheng and Shih, Tzu-Ping and Ko, Wen-Chien and Tang, Hung-Jen and Hsueh, Po-Ren},
  journal={International journal of antimicrobial agents},
  volume={55},
  number={3},
  pages={105924},
  year={2020},
  publisher={Elsevier}
}

@article{li2022monitoring,
  title={Monitoring and managing SARS-CoV-2 evolution in immunocompromised populations},
  author={Li, Pengfei and de Vries, Annemarie C and Kamar, Nassim and Peppelenbosch, Maikel P and Pan, Qiuwei},
  journal={The Lancet Microbe},
  volume={3},
  number={5},
  pages={e325--e326},
  year={2022},
  publisher={Elsevier}
}


@article{kemp2021sars,
  title={SARS-CoV-2 evolution during treatment of chronic infection},
  author={Kemp, Steven A and Collier, Dami A and Datir, Rawlings P and Ferreira, Isabella ATM and Gayed, Salma and Jahun, Aminu and Hosmillo, Myra and Rees-Spear, Chloe and Mlcochova, Petra and Lumb, Ines Ushiro and others},
  journal={Nature},
  volume={592},
  number={7853},
  pages={277--282},
  year={2021},
  publisher={Nature Publishing Group UK London}
}

@article{scherer2022sars,
  title={SARS-CoV-2 evolution and immune escape in immunocompromised patients},
  author={Scherer, Erin M and Babiker, Ahmed and Adelman, Max W and Allman, Brent and Key, Autum and Kleinhenz, Jennifer M and Langsjoen, Rose M and Nguyen, Phuong-Vi and Onyechi, Ivy and Sherman, Jacob D and others},
  journal={New England Journal of Medicine},
  volume={386},
  number={25},
  pages={2436--2438},
  year={2022},
  publisher={Mass Medical Soc}
}

@article{pedersen2020sars,
  title={SARS-CoV-2: a storm is raging},
  author={Pedersen, Savannah F and Ho, Ya-Chi and others},
  journal={The Journal of clinical investigation},
  volume={130},
  number={5},
  pages={2202--2205},
  year={2020},
  publisher={Am Soc Clin Investig}
}

@article{singh2021origin,
  title={On the origin and evolution of SARS-CoV-2},
  author={Singh, Devika and Yi, Soojin V},
  journal={Experimental \& Molecular Medicine},
  volume={53},
  number={4},
  pages={537--547},
  year={2021},
  publisher={Nature Publishing Group UK London}
}

@article{haider2020covid,
  title={COVID-19â€”zoonosis or emerging infectious disease?},
  author={Haider, Najmul and Rothman-Ostrow, Peregrine and Osman, Abdinasir Yusuf and Arruda, Lia Barbara and Macfarlane-Berry, Laura and Elton, Linzy and Thomason, Margaret J and Yeboah-Manu, Dorothy and Ansumana, Rashid and Kapata, Nathan and others},
  journal={Frontiers in Public Health},
  volume={8},
  pages={763},
  year={2020},
  publisher={Frontiers}
}

@article{telenti2022evolution,
  title={The evolution and biology of SARS-CoV-2 variants},
  author={Telenti, Amalio and Hodcroft, Emma B and Robertson, David L},
  journal={Cold Spring Harbor perspectives in medicine},
  volume={12},
  number={5},
  pages={a041390},
  year={2022},
  publisher={Cold Spring Harbor Laboratory Press}
}


